ISA*00*          *00*          *ZZ*SOURCEHOV      *30*581651222      *151020*1731*^*00501*100000612*1*P*:~GS*HP*SOURCEHOV*581651222*20151020*1731*100000612*X*005010X221~ST*835*100000612~BPR*I*110.70*C*CHK******1943205587******20151020~TRN*1*152014373*1943205587~REF*EV*581651222~REF*F2*FS3.21~N1*PR*MSH REIMBURSEMENT~N3*4343 N SCOTTSDALE ROAD*SUITE 150~N4*SCOTTSDALE*AZ*85251~PER*BL*MEAGAN SAMPOGNA*TE*4806634340*EX*123~PER*IC**UR*WWW.MCKESSON.COM~N1*PE*ASSOCIATED RETINAL CONSULTANTS, P.C.*FI*381946761~N3*39650 ORCHARD HILL PLACE 200~N4*NOVI*MI*48375~REF*PQ*1215003793~LX*1~TS3*1215003793*11*20151231*1*1404.00~CLP*1099036B*2*1404.00*110.70*5.00*ZZ*1528615459846392087*11*1~NM1*QC*1*ROSE*CHRISTOPHER*D***MI*1-209499382~NM1*82*1*WOLFE*JEREMY*D***FI*381946761~DTM*036*20160821~DTM*050*20151014~PER*CX*EOKESH NATARAJAN*TE*5869098153~SVC*HC:J2778*1404.00*110.70**3~DTM*472*20150928~CAS*OA*23*1288.30~CAS*PR*3*5.00~SE*27*100000612~GE*1*100000612~IEA*1*100000612~